<record><leader>00000cas a22000007a 4500</leader><controlfield tag="001">18664284</controlfield><controlfield tag="008">881025d18891951pauwr ne      0    0eng d</controlfield><datafield ind1=" " ind2=" " tag="010"><subfield code="a">sn 88079594 </subfield></datafield><datafield ind1=" " ind2=" " tag="040"><subfield code="a">NPH</subfield><subfield code="b">eng</subfield><subfield code="c">NPH</subfield><subfield code="d">OCLCQ</subfield></datafield><datafield ind1=" " ind2=" " tag="042"><subfield code="a">msc</subfield></datafield><datafield ind1="0" ind2="0" tag="245"><subfield code="a">Orwigsburg news.</subfield></datafield><datafield ind1="1" ind2="3" tag="246"><subfield code="a">News</subfield></datafield><datafield ind1=" " ind2=" " tag="260"><subfield code="a">Orwigsburg, Pa. :</subfield><subfield code="b">Gus. Samuel,</subfield><subfield code="c">1889-1951.</subfield></datafield><datafield ind1=" " ind2=" " tag="300"><subfield code="a">v. :</subfield><subfield code="b">ill. (chiefly advertisements)</subfield></datafield><datafield ind1=" " ind2=" " tag="310"><subfield code="a">Weekly</subfield></datafield><datafield ind1="0" ind2=" " tag="362"><subfield code="a">Vol. 1, no. 1 (July 27, 1889)-v. 63, no. 17 (Oct. 25, 1951).</subfield></datafield><datafield ind1=" " ind2=" " tag="500"><subfield code="a">Publisher: W.K. Knecht &lt;Oct. 7, 1943&gt;.</subfield></datafield><datafield ind1=" " ind2=" " tag="752"><subfield code="a">United States</subfield><subfield code="b">Pennsylvania</subfield><subfield code="c">Schuylkill</subfield><subfield code="d">Orwigsburg.</subfield></datafield><datafield ind1="0" ind2=" " tag="775"><subfield code="t">Daily news (Orwigsburg, Pa.)</subfield><subfield code="w">(DLC)sn 88079595</subfield></datafield><datafield ind1="0" ind2="7" tag="785"><subfield code="t">Call (Schuylkill Haven, Pa. : 1903)</subfield><subfield code="w">(DLC)sn 87078059</subfield></datafield><datafield ind1="0" ind2="7" tag="785"><subfield code="t">Call and Orwigsburg news</subfield><subfield code="w">(OCoLC)18664041</subfield></datafield></record>